
@article{moore1900,
  title={A Simple Proof of the Fundamental Cauchy-Goursat Theorem},
  author={Moore, Eliakim Hastings},
  journal={Transactions of the American Mathematical Society},
  volume={1},
  number={4},
  pages={499--506},
  year={1900},
  publisher={JSTOR}
}
